@ONLINE {FAIrecords,
        title = "Federation Aeronautique Internationale (FAI) Records ",
        year  = "2016",
        url   = "http://www.fai.org/records"
        }

@ARTICLE {costeco,
        author  = "Wei, W., and Hansen, M.",
        title   = "Cost Economics of Aircraft Size",
        journal = "Journal of Transport Economics and Policy",
        year    = "2003",
        volume  = "37",
        pages   = "279-296"
        }


@ARTICLE {weatheravoid,
        author  = "Cecil, D., et al.",
        title   = "Weather Avoidance Guidelines for NASA Global Hawk High‐Altitude Unmanned Aircraft Systems",
        journal = "American Meteorological Society (AMS) Annual Meeting",
        year    = "2014"
        }

@MISC {cbo,
        author = "Congressional Budget Office",
        title  = "Costs of Military Pay and Benefits in the Defense Budget",
        year   = "2012"
        }

@ARTICLE {gpkit,
        author  = "Warren Hoburg and Pieter Abbeel",
        title   = "Geometric Programming for Aircraft Design Optimization",
        journal = "AIAA",
        year    = "2014"
}
@ONLINE {sullivan,
        author = "Sullivan Unmanned Vehicle",
        title  = "S676-300F-01 Alternator",
        url    = "http://www.sullivanuv.com/product-item/s676-300f-01/"
}
@MISC {UHFgs,
        title        = "Radio Modem (2.4 GHz) Base",
        howpublished = {\href{http://store.micropilot.com/product-p/r-mic24-base.htm}},
        month        = "may",
        year         = "2016"
}

@MISC {cellDataUSB,
        title        = "MiFi® 4G LTE Global USB Modem U620L",
        howpublished = {\href{http://www.verizonwireless.com/internet-devices/verizon-mifi-4g-lte-global-usb-modem-u620l-in-black/?cmp=CSE-C-HQ-NON-R-AC-NONE-NONE-2C0PX0-PX-PLA-USB620L}},
        month        = "may",
        year         = "2016"
}
@MISC {aircraftAntenna,
        title        = "L-Band Blade Antenna",
        howpublished = {\href{http://www.verdanttelemetry.com/product-details.php?id=46\&prdtcat\_id=}},
        month        = "may",
        year         = "2016"
}
@MISC {UHFaircraft,
        title        = "Radio Modem (2.4 GHz) Remote",
        howpublished = {\href{http://store.micropilot.com/product-p/r-mic24-remote.htm}}, 
        month        = "may",
        year         = "2016"
}
@MISC {aircraftLights,
        title        = "Blue Light - Navigation Light V-S",
        howpublished = {\href{http://www.bluelight-tech.com/BL-NavLV-S.htm}},
        month        = "may",
        year         = "2016"
}
@MISC {gsSatcom,
        title        = "IRIDIUM GO!",
        howpublished = {\href{https://satellitephonestore.com/catalog/sale/detail/iridium-go-252}},
        month        = "may",
        year         = "2016"
}

@MISC {smallengines,
        author       = "Unmanned Arial Systems Lab: University of North Dakota",
        title        = "Engine Reference",
        howpublished = "http://media.aero.und.edu/uasresearch.org/docum-\\ents/195-197 Reference-Section Engines.pdf",
        month        = "feb",
        year         = "2016"
}
@ARTICLE {gp,
        author  = "S. Boyd and Kim S. and Vandenberghe L. and Hassibi, A.",
        title   = "A Tutorial on Geometric Programming",
        journal = "Optimization and Engineering",
        year    = "2007",
        volume  = "8",
        number  = "1",
        pages   = "67-127"
}
@STANDARD {breguetrange,
        title        = "Thermodynamics and Propulsion",
        organization = "Aero/Astro Department",
        institution  = "Massachusetts Institute of Technology",
        author       = "Z. S. Spakovszky",
        howpublished = "MIT Printing Press",
        type         = "Book",
        url          = "http://web.mit.edu/16.unified/www/FALL/thermodynamics/notes/notes.html"
}

@PHDTHESIS {hoburgthesis,
        author = "Warren Hoburg",
        title  = "Aircraft Design Optimization as a Geometric Program",
        school = "University of California, Berkeley",
        year   = "2013"
}
@BOOK {solar,
        author    = "Robert K. McMordie",
        title     = "Solar Energy Fundamentals",
        publisher = "The Fairmont Printing Press, Inc.",
        year      = "2012"
}
@booklet {wind,
	title = {The ERA-Interim archive Version 2.0},
	journal = {ERA Report Series},
	number = {1},
	year = {2011},
	month = {November},
	pages = {23},
	publisher = {ECMWF},
	address = {Shinfield Park, Reading},
	abstract = {This document describes the ERA-Interim Archive at ECMWF. ERA-Interim is a reanalysis of the global atmosphere covering the data-rich period since 1979 (originally, ERA-Interim ran from 1989, but the 10 year extension for 1979-1988 was produced in 2011), and continuing in real time. As ERA-Interim continues forward in time, updates of the Archive will take place on a monthly basis.},
	author = {P. Berrisford and D.P. Dee and P. Poli and R. Brugge and K. Fielding and M. Fuentes and P.W. K{\r a}llberg and S. Kobayashi and S. Uppala and A. Simmons}
}
@ONLINE {predator,
        author = "MQ-1B Predator",
        title  = "U.S. Air Force",
        month  = "dec",
        year   = "2015",
        url    = "http://www.af.mil/AboutUs/FactSheets/Display/tabid/224/Article/104469/mq-1b-predator.aspx"
}
@ONLINE {hermes,
        author = "Elbit Systems Ltd",
        title  = "Hermes 900 MALE Tactical Unmanned Air Vehicle (UAV), Israel",
        url    = "http://www.airforce-technology.com/projects/hermes-900/"
}
@ONLINE {globalhawk,
        author = "U.S. Air Force",
        title  = "RQ-4 Global Hawk",
        month  = "oct",
        year   = "2014",
        url    = "http://www.af.mil/AboutUs/FactSheets/Display/tabid/224/Article/104516/rq-4-global-hawk.aspx"
}
@ONLINE {penguin,
        author = "UAV Factory",
        title  = "Penguin B UAV platform",
        url    = "http://www.uavfactory.com/product/46"
}
@MISC {bending,
        author       = "Drela, M.",
        title        = "Wing Bending Calculations",
        howpublished = "https://ocw.mit.edu/courses/aeronautics-and-astronautics/16-01-unified-engineering-i-ii-iii-iv-fall-2005-spring-2006/systems-labs-06/spl10.pdf",
}
@ONLINE {moi,
        title = "How to Calculate the Moment of Inertia of a Beam Section",
        url   = "https://skyciv.com/tutorials/calculating-beam-section-moment-of-inertia/"
}
@ONLINE {density,
        title = "Density of Air",
        url   = "http://en.wikipedia.org/wiki/Density\_of\_air#Altitude"
}
@ARTICLE {fitting,
        author  = "Warren Hoburg, Philippe Kirschen",
        title   = "Data fitting with geometric-programming-compatible softmax functions",
        journal = "Optimization and Engineering",
        year    = "2016"
}
@MISC {br2,
        author       = "Lutze, Frederick H.",
        title        = "AOE 3104 Vehicle Performance",
        howpublished = "http://www.dept.aoe.vt.edu/~lutze/AOE3104/range\\\&endurance.pdf",
}
@BOOK {raymer,
        author    = "Daniel P. Raymer",
        title     = "Aircraft Design: A Conceptual Approach",
        publisher = "American Institute of Aeronautics and Astronautics, Inc.",
        year      = "2006",
        edition   = "fourth"
}
@UNPUBLISHED {isaatm,
        author = "Mustafa Cavcar",
        title  = "The International Standard Atmosphere (ISA)",
        note   = "Anadolu University, 26470 Eskisehir, Turkey"
}
@INBOOK {fluiddyhandbook,
        author    = "Richard W. Johnson",
        title     = "The Handbook of Fluid Dynamics",
        chapter   = "Chapter 11",
        publisher = "CRC Press",
        year      = "1998"
}
@TECHREPORT {acgust,
        author      = "Duven, Jeffrey E.",
        title       = "Dynamic Gust Loads",
        institution = "U.S. Department of Transportation",
        year        = "2014",
        type        = "Advisory Circular",
        number      = "25.341-1",
        month       = "dec"
}
@ARTICLE {electricengine,
        author  = "Mauro Gatti, Fabrizio Giulietti",
        title   = "Preliminary Design Analysis Methodology for Electric Multirotor",
        journal = "2nd IFAC Workshop on Research, Education and Development of Unmanned Aerial Systems",
        year    = "2013",
        volume  = "46",
        number  = "30",
        pages   = "58-63",
        month   = "nov"
}
@MISC {gasengine,
        author       = "University of North Dakota",
        title        = "UAS Engines",
        howpublished = "http://media.aero.und.edu/uasresearch.org/documents/195-197\_Reference-Section\_Engines.pdf",
}
@MISC {ellipsoidSA,
        author       = "Heckman, Kurt",
        title        = "Ellipsoid - Surface Area",
        howpublished = "https://www.vcalc.com/wiki/vCalc/Ellipsoid+-+Surface+Area",
        month        = "nov",
        year         = "2016"
}
@MISC {aircraftrules,
        author       = "Mark Drela",
        title        = "Basic Aircraft Design Rules",
        month        = "apr",
        year         = "2006",
        howpublished = "https://ocw.mit.edu/courses/aeronautics-and-astronautics/16-01-unified-engineering-i-ii-iii-iv-fall-2005-spring-2006/systems-labs-06/spl8.pdf",
}
@UNPUBLISHED {enginelapse,
        author = "Amy L. Hoover",
        title  = "Density altitude and aircraft performance",
        note   = "https://yakimawpa.files.wordpress.com/2011/\\01/density-altitude-and-aircraft-performance-handout.pdf",
        year   = "2010"
}
@ARTICLE {solartech,
        author  = "G. Abbe, H. Smith",
        title   = "Technological development trends in Solar‐powered Aircraft Systems",
        journal = "Renewable and Sustainable Energy Reviews",
        year    = "2016",
        volume  = "60",
        pages   = "770-783",
        month   = "jul"
}
@MISC {zephyr,
        title        = "Zephyr: Focus of an aircraft. Endurance of a Satellite",
        howpublished = {\href{https://airbusdefenceandspace.com/wp-content/uploads/2016/12/1014\_16\_zephyr\_datasheet\_e\_horizontal\_a4\_lores-for-distribution.pdf}},
        year         = "2016"
}
@MISC {orion,
        title        = "Orion: Medium-Altitude Long-Endurance Unmanned Aircraft",
        howpublished = "http://www.aurora.aero/wp-content/uploads/2015/10/Orion-Brochure\_web\_X3.pdf",
}
@TECHREPORT {solarparam,
        author      = "A. Noth, R. Siegwart, W. Engel",
        title       = "Design of Solar Powered Airplanes for Continuous Flight",
        institution = "Swiss Federal Institute of Technology Zurich",
        year        = "2007",
        number      = "1.1",
        month       = "dec"
}
@MISC {carbonfiber,
        author       = "ACP Composites",
        title        = "Mechanical Properties of Carbon Fiber Composite Materials, Fiber / Epoxy resin (120°C Cure)",
        howpublished = {\href{https://www.acpsales.com/upload/Mechanical-Properties-of-Carbon-Fiber-Composite-Materials.pdf}},
        month        = "dec",
        year         = "2014"
}
@INBOOK {bsfcperf,
        author    = "Goering, Carroll E. and Stone, Marvin L. and Smith, David W. and Turnquist, Paul K.",
        title     = "Off-Road Vehicle Engineering Principles",
        chapter   = "2: Engine Performance Measures",
        publisher = "American Society of Agricultural Engineers",
        year      = "2003"
}
@MISC {rcvengines,
        author       = "RCV Engines Ltd, England",
        title        = "RCV DF35. 20x8 Zinger Prop. Static Operation",
        howpublished = "private communication",
        month        = "apr",
        year         = "2016"
}
@MISC {aquila,
        author       = "Mark Zuckerberg",
        title        = "The technology behind Aquila",
        howpublished = "https://www.facebook.com/notes/mark-zuckerberg/the-technology-behind-aquila/10153916136506634/",
        month        = "jul",
        year         = "2016"
}
@ARTICLE {googletitan,
        author  = "Barr, Alistair; Albergotti, Reed",
        title   = "Google to Buy Titan Aerospace as Web Giants Battle for Air Superiority",
        journal = "Wall Stree Journal",
        year    = "2014"
}
@MISC {vanilla,
        author       = "Hatfield, Daniel and Bale, Peter and Barnes, Phil",
        title        = "The VA001 aircraft",
        howpublished = "http://www.vanillaaircraft.com/VA001.html",
        year         = "2016"
}
@Misc{gpkitdocs,
          author={Edward Burnell and Warren Hoburg},
          title={GPkit software for geometric programming},
          howpublished="https://github.com/hoburg/gpkit",
          year={2017},
          note={Version 0.5.2}
}
@Misc{mosek,
          author={ApS},
          title={The MOSEK C optimizer API manual},
          year={2015},
          note={Version 7.1 (Revision 41)}
}
@ARTICLE {lithiumion,
        author  = "Dueber, Ross",
        title   = "Silver-Zinc Battery Tech Outshines Li-Ion on Safety Front",
        journal = "The Journal of Military Electronics and Computing",
        year    = "2008"
}
@MISC {lithiumsul,
        author       = "John Kopera",
        title        = "Sion Power’s Lithium-Sulfur Batteries Power High Altitude Pseudo-Satellite Flight",
        howpublished = {\href{http://www.sionpower.com/pdf/articles/Sion\_Power\_Zephyr\_Flight\_Press\_Release\_2014.pdf}},
        month        = "sep",
        year         = "2014"
}
@Inbook{xfoil,
author="Drela, Mark",
editor="Mueller, Thomas J.",
title="XFOIL: An Analysis and Design System for Low Reynolds Number Airfoils",
bookTitle="Low Reynolds Number Aerodynamics: Proceedings of the Conference Notre Dame, Indiana, USA, 5--7 June 1989",
year="1989",
publisher="Springer Berlin Heidelberg",
address="Berlin, Heidelberg",
pages="1--12",
isbn="978-3-642-84010-4",
doi="10.1007/978-3-642-84010-4_1",
url="http://dx.doi.org/10.1007/978-3-642-84010-4_1"
}
@MISC {gassolartrade,
        author       = "Michael Burton",
        title        = "Gas/Solar Trade",
        howpublished = "https://github.com/hoburg/gas\_solar\_trade",
        month        = "apr",
        year         = "2017"
}
@MISC {cfply,
        author       = "Fiberglass Supply",
        title        = "Carbon and Kevlar Fabrics",
        howpublished = "http://www.fiberglasssupply.com/Product\_Catalog/Reinforce-\\ments/Carbon\_and\_Kevlar/carbon\_and\_kevlar.html",
        month        = "may",
        year         = "2016"
}
@MISC {cfprop,
        author       = "Clearwater Composites, LLC",
        title        = "Properties of Carbon Fiber",
        howpublished = "http://www.clearwatercomposites.com/resou-\\rces/Properties-of-carbon-fiber",
        year         = "2017"
}
@ARTICLE {sp,
    author = "Philippe G. Kirschen and Edward E. Burnell and Warren W. Hoburg",
    title = "Signomial Programming Models for Aircraft Design",
    journal = "AIAA SciTech",
    year = "2016",
}
@misc{dunbar_2015, 
    title={NASA Dryden Fact Sheet - Helios Prototype}, 
    url={https://www.nasa.gov/centers/armstrong/news/FactSheets/FS-068-DFRC.html}, 
    journal={NASA}, 
    publisher={NASA}, 
    author={Dunbar, Brian}, 
    year={2015}, 
    month={Aug}
}
@misc{odysseus, 
    title={Solar Aircraft – Aurora Flight Sciences}, 
    url={http://www.aurora.aero/solar-aircraft/}, 
    journal={Aurora Flight Sciences}}

@article{burton_solar_2017,
    title = {Solar and {Gas} {Powered} {Long}-{Endurance} {Unmanned} {Aircraft} {Sizing} via {Geometric} {Programming}},
    journal = {Journal of Aircraft},
    author = {Burton, Michael and Hoburg, Warren},
    year = {2017},
    file = {Fulltext:/Users/mjburton11/Zotero/storage/FRYP66TM/1.html:text/html;Snapshot:/Users/mjburton11/Zotero/storage/3N2369BE/1.html:text/html}
}
@misc{zephyr_spar,
    title = {We have a new wing spar!},
    url = {http://blog.solarimpulse.com/post/141580273905/new-wing-spar},
    urldate = {2017-10-23},
    journal = {Solar Impulse Blog},
    file = {Snapshot:/Users/mjburton11/Zotero/storage/GS85JV7L/new-wing-spar.html:text/html}
}

@book{warren_mech,
    title = {Mechanics of {Flight}},
    isbn = {978-0-471-33458-3},
    language = {en},
    publisher = {John Wiley \& Sons},
    author = {Phillips, Warren F.},
    month = jan,
    year = {2004},
    keywords = {Technology \& Engineering / Manufacturing, Technology \& Engineering / Mechanical}
}
